<?xml version="1.0" encoding="UTF-8"?><collection xmlns="http://www.loc.gov/MARC21/slim"><record><leader>00496nam--2200121-i-4500</leader><controlfield tag="001">000034793</controlfield><controlfield tag="002">20161230</controlfield><controlfield tag="005">20161230201040</controlfield><controlfield tag="008">060222s1000------------r-----000-0-eng-d</controlfield><datafield ind1=" " ind2=" " tag="080"><subfield code="a">614.8:621.01(083.133)</subfield></datafield><datafield ind1=" " ind2=" " tag="245"><subfield code="a">Norme de protectie a muncii specifice industriei constructiilor de masini. vol.4: norme de protectie a muncii specifice industriei constructiilor de masini, pentru sudare cazangerie, consstructii metalice. npm-sc</subfield></datafield><datafield ind1=" " ind2=" " tag="260"><subfield code="a">Bucuresti, Min,Ind.Constr.De Masini, 1981</subfield></datafield><datafield ind1=" " ind2=" " tag="852"><subfield code="a">71461</subfield></datafield></record></collection>